<collection xmlns="http://www.loc.gov/MARC21/slim">
<record>
  <leader>02537nam0a2200385 i 450 </leader>
  <controlfield tag="001">IT\ICCU\CNCE\025208</controlfield>
  <controlfield tag="005">20080806000000.0</controlfield>
  <datafield tag="012" ind1=" " ind2=" ">
    <subfield code="a">c.i, I.i- sqas &amp;Vut (3) 1566 (R)</subfield>
    <subfield code="2">fei</subfield>
  </datafield>
  <datafield tag="100" ind1=" " ind2=" ">
    <subfield code="a">19970924d1566        0itac0103    ba</subfield>
  </datafield>
  <datafield tag="101" ind1=" " ind2=" ">
    <subfield code="a">LAT</subfield>
  </datafield>
  <datafield tag="102" ind1=" " ind2=" ">
    <subfield code="a">IT</subfield>
  </datafield>
  <datafield tag="200" ind1="1" ind2=" ">
    <subfield code="a">Pragmaticae aedicta, ac regiae ordinationes regni Siciliae citra farum: et reformationes tribunalium in vnum congestae de ordine &amp; mandato illustrisssimi &amp; eccellentissimi domini ducis Alchal ̉proregis, ac Sacri Regij Concilij collateralis per clarissimum v.i.d. dominum Prosperum Carauitam patricium Ebolitanum, &amp; in prouintijs principatus citr ̉&amp; Basilicatae regij fisci patronum &amp; per magnificum v.i.p. Ioannem Franciscum Manacium. MDLXVI</subfield>
  </datafield>
  <datafield tag="210" ind1=" " ind2=" ">
    <subfield code="a">Neap.</subfield>
    <subfield code="c">Baptistae de Christophoro</subfield>
    <subfield code="d">&amp; sociorum sumptibus</subfield>
    <subfield code="c">Mathias Cancer excudebat</subfield>
    <subfield code="d">die XII mens. Nouemb. 1566</subfield>
  </datafield>
  <datafield tag="215" ind1=" " ind2=" ">
    <subfield code="a">\8!, 182 c.</subfield>
    <subfield code="d">fol</subfield>
  </datafield>
  <datafield tag="300" ind1=" " ind2=" ">
    <subfield code="a">Var. B: Pragmaticae aedicta, ac regiae ordinationes regni Siciliae citra farum: et reformationes tribunalium in vnum congestae per clarissimum v.i.d. dominum Prosperum Carauitam patricium Ebolitanum, &amp; in prouintijs principatus citr ̉&amp; Basilicatae regij fisci patronum. MDLXVI</subfield>
  </datafield>
  <datafield tag="620" ind1=" " ind2=" ">
    <subfield code="a">IT</subfield>
    <subfield code="d">Napoli</subfield>
  </datafield>
  <datafield tag="710" ind1="0" ind2="2">
    <subfield code="a">Napoli</subfield>
    <subfield code="c"> &lt;Regno&gt;</subfield>
    <subfield code="3">6856</subfield>
  </datafield>
  <datafield tag="702" ind1=" " ind2="1">
    <subfield code="a">Monaci,</subfield>
    <subfield code="b">Giovanni Francesco</subfield>
    <subfield code="3">IT\ICCU\CNCA\026620</subfield>
  </datafield>
  <datafield tag="702" ind1=" " ind2="1">
    <subfield code="a">Caravita,</subfield>
    <subfield code="b">Prospero</subfield>
    <subfield code="3">IT\ICCU\CNCA\002618</subfield>
  </datafield>
  <datafield tag="712" ind1="0" ind2="0">
    <subfield code="a">De_Cristoforo, Battista &amp; C.</subfield>
    <subfield code="3">IT\ICCU\CNCT\003568</subfield>
    <subfield code="4">650</subfield>
  </datafield>
  <datafield tag="712" ind1="0" ind2="0">
    <subfield code="a">Cancer, Mattia</subfield>
    <subfield code="3">IT\ICCU\CNCT\000279</subfield>
    <subfield code="4">650</subfield>
  </datafield>
  <datafield tag="790" ind1=" " ind2="1">
    <subfield code="a">Monacius,</subfield>
    <subfield code="b">Ioannes Franciscus</subfield>
    <subfield code="3">IT\ICCU\CNCA\026621</subfield>
    <subfield code="z">Monaci, Giovanni Francesco</subfield>
  </datafield>
  <datafield tag="790" ind1=" " ind2="1">
    <subfield code="a">Manaci,</subfield>
    <subfield code="b">Giovanni francesco</subfield>
    <subfield code="3">IT\ICCU\CNCA\027185</subfield>
    <subfield code="z">Monaci, Giovanni Francesco</subfield>
  </datafield>
  <datafield tag="791" ind1="0" ind2="2">
    <subfield code="a">Mathias Brixiensis</subfield>
    <subfield code="3">IT\ICCU\CNCT\003074</subfield>
    <subfield code="z">Cancer, Mattia</subfield>
  </datafield>
  <datafield tag="791" ind1="0" ind2="0">
    <subfield code="a">Canzer, Matteo</subfield>
    <subfield code="3">IT\ICCU\CNCT\003075</subfield>
    <subfield code="z">Cancer, Mattia</subfield>
  </datafield>
  <datafield tag="791" ind1="0" ind2="2">
    <subfield code="a">Matthaeus Bionensis</subfield>
    <subfield code="3">IT\ICCU\CNCT\003076</subfield>
    <subfield code="z">Cancer, Mattia</subfield>
  </datafield>
  <datafield tag="791" ind1="0" ind2="0">
    <subfield code="a">Canze, Mathia</subfield>
    <subfield code="3">IT\ICCU\CNCT\004429</subfield>
    <subfield code="z">Cancer, Mattia</subfield>
  </datafield>
  <datafield tag="791" ind1="0" ind2="2">
    <subfield code="a">Officina Canzeana</subfield>
    <subfield code="3">IT\ICCU\CNCT\004430</subfield>
    <subfield code="z">Cancer, Mattia</subfield>
  </datafield>
  <datafield tag="801" ind1=" " ind2="3">
    <subfield code="a">IT</subfield>
    <subfield code="b">ICCU</subfield>
    <subfield code="c">20201114</subfield>
  </datafield>
  <datafield tag="899" ind1=" " ind2=" ">
    <subfield code="a">Biblioteca provinciale Angelo Camillo De Meis. Chieti</subfield>
    <subfield code="z">MUTILO</subfield>
    <subfield code="1">CH0020</subfield>
    <subfield code="2">ABR ME</subfield>
  </datafield>
  <datafield tag="899" ind1=" " ind2=" ">
    <subfield code="a">Biblioteca universitaria. Napoli</subfield>
    <subfield code="z">(VAR.B)</subfield>
    <subfield code="1">NA0070</subfield>
    <subfield code="2">NAP BU</subfield>
  </datafield>
  <datafield tag="899" ind1=" " ind2=" ">
    <subfield code="a">Biblioteca nazionale Vittorio Emanuele III. Napoli</subfield>
    <subfield code="1">NA0079</subfield>
    <subfield code="2">NAP BN</subfield>
  </datafield>
  <datafield tag="899" ind1=" " ind2=" ">
    <subfield code="a">Biblioteca diocesana S. Paolino. Nola</subfield>
    <subfield code="z">(VAR.B)</subfield>
    <subfield code="1">NA0267</subfield>
    <subfield code="2">CAM BD</subfield>
  </datafield>
  <datafield tag="899" ind1=" " ind2=" ">
    <subfield code="a">Biblioteca Casanatense. Roma</subfield>
    <subfield code="z">(VAR.B)</subfield>
    <subfield code="1">RM0313</subfield>
    <subfield code="2">RML 07</subfield>
  </datafield>
  <datafield tag="899" ind1=" " ind2=" ">
    <subfield code="a">Biblioteca del Senato della Repubblica Giovanni Spadolini. Roma</subfield>
    <subfield code="z">(VAR.A)</subfield>
    <subfield code="1">RM0427</subfield>
    <subfield code="2">ZRM 12</subfield>
  </datafield>
</record>
</collection>
